[gd_scene load_steps=4 format=2]

[ext_resource path="res://menu/main_menu.gd" type="Script" id=1]
[ext_resource path="res://fonts/title_font.tres" type="DynamicFont" id=2]
[ext_resource path="res://fonts/button_font.tres" type="DynamicFont" id=3]

[node name="Menus" type="Container" index="0"]

anchor_left = 0.0
anchor_top = 0.0
anchor_right = 1.0
anchor_bottom = 1.0
rect_pivot_offset = Vector2( 0, 0 )
rect_clip_content = false
mouse_filter = 0
mouse_default_cursor_shape = 0
size_flags_horizontal = 1
size_flags_vertical = 1
script = ExtResource( 1 )
_sections_unfolded = [ "Anchor", "Margin" ]

[node name="Main menu" type="Container" parent="." index="0"]

editor/display_folded = true
anchor_left = 0.3
anchor_top = 0.2
anchor_right = 0.7
anchor_bottom = 0.8
rect_pivot_offset = Vector2( 0, 0 )
rect_clip_content = false
mouse_filter = 0
mouse_default_cursor_shape = 0
size_flags_horizontal = 1
size_flags_vertical = 1
_sections_unfolded = [ "Anchor", "Margin" ]

[node name="Title" type="Label" parent="Main menu" index="0"]

anchor_left = 0.0
anchor_top = 0.0
anchor_right = 1.0
anchor_bottom = 0.0
margin_top = 40.0
rect_pivot_offset = Vector2( 0, 0 )
rect_clip_content = false
mouse_filter = 2
mouse_default_cursor_shape = 0
size_flags_horizontal = 3
size_flags_vertical = 2
custom_fonts/font = ExtResource( 2 )
text = "Super Tux Party"
align = 1
percent_visible = 1.0
lines_skipped = 0
max_lines_visible = -1
_sections_unfolded = [ "Anchor", "BBCode", "Margin", "custom_fonts" ]

[node name="Buttons" type="VBoxContainer" parent="Main menu" index="1"]

editor/display_folded = true
anchor_left = 0.0
anchor_top = 0.0
anchor_right = 1.0
anchor_bottom = 1.0
margin_top = 200.0
rect_pivot_offset = Vector2( 0, 0 )
rect_clip_content = false
mouse_filter = 1
mouse_default_cursor_shape = 0
size_flags_horizontal = 1
size_flags_vertical = 1
custom_constants/separation = 0
alignment = 0
_sections_unfolded = [ "Anchor", "Margin", "custom_constants" ]

[node name="Play" type="Button" parent="Main menu/Buttons" index="0"]

anchor_left = 0.0
anchor_top = 0.0
anchor_right = 0.0
anchor_bottom = 0.0
margin_right = 512.0
margin_bottom = 35.0
rect_pivot_offset = Vector2( 0, 0 )
rect_clip_content = false
focus_mode = 2
mouse_filter = 0
mouse_default_cursor_shape = 0
size_flags_horizontal = 1
size_flags_vertical = 1
custom_fonts/font = ExtResource( 3 )
toggle_mode = false
enabled_focus_mode = 2
shortcut = null
group = null
text = "Play"
flat = false
align = 1
_sections_unfolded = [ "Rect", "custom_fonts" ]

[node name="Options" type="Button" parent="Main menu/Buttons" index="1"]

anchor_left = 0.0
anchor_top = 0.0
anchor_right = 0.0
anchor_bottom = 0.0
margin_top = 35.0
margin_right = 512.0
margin_bottom = 70.0
rect_pivot_offset = Vector2( 0, 0 )
rect_clip_content = false
focus_mode = 2
mouse_filter = 0
mouse_default_cursor_shape = 0
size_flags_horizontal = 1
size_flags_vertical = 1
custom_fonts/font = ExtResource( 3 )
toggle_mode = false
enabled_focus_mode = 2
shortcut = null
group = null
text = "Options"
flat = false
align = 1
_sections_unfolded = [ "custom_fonts" ]

[node name="Quit" type="Button" parent="Main menu/Buttons" index="2"]

anchor_left = 0.0
anchor_top = 0.0
anchor_right = 0.0
anchor_bottom = 0.0
margin_top = 70.0
margin_right = 512.0
margin_bottom = 105.0
rect_pivot_offset = Vector2( 0, 0 )
rect_clip_content = false
focus_mode = 2
mouse_filter = 0
mouse_default_cursor_shape = 0
size_flags_horizontal = 1
size_flags_vertical = 1
custom_fonts/font = ExtResource( 3 )
toggle_mode = false
enabled_focus_mode = 2
shortcut = null
group = null
text = "Quit"
flat = false
align = 1
_sections_unfolded = [ "custom_fonts" ]

[node name="Selection board" type="Container" parent="." index="1"]

visible = false
anchor_left = 0.3
anchor_top = 0.2
anchor_right = 0.7
anchor_bottom = 0.8
rect_pivot_offset = Vector2( 0, 0 )
rect_clip_content = false
mouse_filter = 0
mouse_default_cursor_shape = 0
size_flags_horizontal = 1
size_flags_vertical = 1
_sections_unfolded = [ "Anchor", "Margin" ]

[node name="Title" type="Label" parent="Selection board" index="0"]

anchor_left = 0.0
anchor_top = 0.0
anchor_right = 1.0
anchor_bottom = 0.0
margin_top = 40.0
rect_pivot_offset = Vector2( 0, 0 )
rect_clip_content = false
mouse_filter = 2
mouse_default_cursor_shape = 0
size_flags_horizontal = 3
size_flags_vertical = 2
custom_fonts/font = ExtResource( 2 )
text = "Select board"
align = 1
percent_visible = 1.0
lines_skipped = 0
max_lines_visible = -1
_sections_unfolded = [ "Anchor", "BBCode", "Margin", "custom_fonts" ]

[node name="ScrollContainer" type="ScrollContainer" parent="Selection board" index="1"]

anchor_left = 0.0
anchor_top = 0.0
anchor_right = 1.0
anchor_bottom = 1.0
margin_top = 120.0
margin_bottom = -35.0
rect_min_size = Vector2( 512, 140 )
rect_pivot_offset = Vector2( 0, 0 )
rect_clip_content = true
mouse_filter = 0
mouse_default_cursor_shape = 0
size_flags_horizontal = 1
size_flags_vertical = 1
scroll_horizontal_enabled = false
scroll_horizontal = 0
scroll_vertical_enabled = true
scroll_vertical = 0
scroll_deadzone = 0
_sections_unfolded = [ "Anchor", "Grow Direction", "Margin", "Scroll" ]

[node name="Buttons" type="VBoxContainer" parent="Selection board/ScrollContainer" index="0"]

anchor_left = 0.0
anchor_top = 0.0
anchor_right = 0.0
anchor_bottom = 0.0
margin_right = 512.0
rect_pivot_offset = Vector2( 0, 0 )
rect_clip_content = false
mouse_filter = 1
mouse_default_cursor_shape = 0
size_flags_horizontal = 3
size_flags_vertical = 1
custom_constants/separation = 0
alignment = 0
_sections_unfolded = [ "Anchor", "Margin", "Rect", "Size Flags", "custom_constants" ]

[node name="LabelAward" type="Label" parent="Selection board" index="2"]

anchor_left = 0.0
anchor_top = 1.0
anchor_right = 1.0
anchor_bottom = 1.0
margin_top = -105.0
margin_bottom = -70.0
rect_pivot_offset = Vector2( 0, 0 )
rect_clip_content = false
mouse_filter = 2
mouse_default_cursor_shape = 0
size_flags_horizontal = 1
size_flags_vertical = 4
custom_fonts/font = ExtResource( 3 )
text = "Reward system:"
percent_visible = 1.0
lines_skipped = 0
max_lines_visible = -1
_sections_unfolded = [ "Anchor", "Margin", "custom_constants" ]

[node name="AwardType" type="OptionButton" parent="Selection board" index="3"]

anchor_left = 0.0
anchor_top = 1.0
anchor_right = 1.0
anchor_bottom = 1.0
margin_top = -70.0
margin_bottom = -35.0
rect_pivot_offset = Vector2( 0, 0 )
rect_clip_content = false
focus_mode = 2
mouse_filter = 0
mouse_default_cursor_shape = 0
size_flags_horizontal = 1
size_flags_vertical = 1
custom_fonts/font = ExtResource( 3 )
toggle_mode = false
action_mode = 0
enabled_focus_mode = 2
shortcut = null
group = null
flat = false
align = 0
items = [  ]
selected = -1
_sections_unfolded = [ "Anchor", "Margin", "Rect", "Visibility", "custom_fonts" ]

[node name="Back" type="Button" parent="Selection board" index="4"]

anchor_left = 0.0
anchor_top = 1.0
anchor_right = 1.0
anchor_bottom = 1.0
margin_top = -35.0
rect_pivot_offset = Vector2( 0, 0 )
rect_clip_content = false
focus_mode = 2
mouse_filter = 0
mouse_default_cursor_shape = 0
size_flags_horizontal = 1
size_flags_vertical = 1
custom_fonts/font = ExtResource( 3 )
toggle_mode = false
enabled_focus_mode = 2
shortcut = null
group = null
text = "Back"
flat = false
align = 1
_sections_unfolded = [ "Anchor", "Margin", "Rect", "Visibility", "custom_fonts" ]

[node name="Selection char" type="Container" parent="." index="2"]

editor/display_folded = true
visible = false
anchor_left = 0.3
anchor_top = 0.2
anchor_right = 0.7
anchor_bottom = 0.8
rect_pivot_offset = Vector2( 0, 0 )
rect_clip_content = false
mouse_filter = 0
mouse_default_cursor_shape = 0
size_flags_horizontal = 1
size_flags_vertical = 1
_sections_unfolded = [ "Anchor", "Margin" ]

[node name="Title" type="Label" parent="Selection char" index="0"]

anchor_left = 0.0
anchor_top = 0.0
anchor_right = 1.0
anchor_bottom = 0.0
margin_top = 40.0
rect_pivot_offset = Vector2( 0, 0 )
rect_clip_content = false
mouse_filter = 2
mouse_default_cursor_shape = 0
size_flags_horizontal = 3
size_flags_vertical = 2
custom_fonts/font = ExtResource( 2 )
text = "Select character for Player 1"
align = 1
percent_visible = 1.0
lines_skipped = 0
max_lines_visible = -1
_sections_unfolded = [ "Anchor", "BBCode", "Margin", "custom_fonts" ]

[node name="Buttons" type="VBoxContainer" parent="Selection char" index="1"]

anchor_left = 0.0
anchor_top = 0.0
anchor_right = 1.0
anchor_bottom = 1.0
margin_top = 200.0
rect_pivot_offset = Vector2( 0, 0 )
rect_clip_content = false
mouse_filter = 1
mouse_default_cursor_shape = 0
size_flags_horizontal = 1
size_flags_vertical = 1
custom_constants/separation = 0
alignment = 0
_sections_unfolded = [ "Anchor", "Margin", "custom_constants" ]

[node name="Grid" type="GridContainer" parent="Selection char/Buttons" index="0"]

anchor_left = 0.0
anchor_top = 0.0
anchor_right = 0.0
anchor_bottom = 0.0
margin_right = 512.0
margin_bottom = 74.0
rect_pivot_offset = Vector2( 0, 0 )
rect_clip_content = false
mouse_filter = 1
mouse_default_cursor_shape = 0
size_flags_horizontal = 1
size_flags_vertical = 1
columns = 2

[node name="Tux" type="Button" parent="Selection char/Buttons/Grid" index="0"]

anchor_left = 0.0
anchor_top = 0.0
anchor_right = 0.0
anchor_bottom = 0.0
margin_right = 254.0
margin_bottom = 35.0
rect_pivot_offset = Vector2( 0, 0 )
rect_clip_content = false
focus_mode = 2
mouse_filter = 0
mouse_default_cursor_shape = 0
size_flags_horizontal = 3
size_flags_vertical = 1
custom_fonts/font = ExtResource( 3 )
toggle_mode = false
enabled_focus_mode = 2
shortcut = null
group = null
text = "Tux"
flat = false
align = 1
_sections_unfolded = [ "Size Flags", "custom_fonts" ]

[node name="GreenTux" type="Button" parent="Selection char/Buttons/Grid" index="1"]

anchor_left = 0.0
anchor_top = 0.0
anchor_right = 0.0
anchor_bottom = 0.0
margin_left = 258.0
margin_right = 512.0
margin_bottom = 35.0
rect_pivot_offset = Vector2( 0, 0 )
rect_clip_content = false
focus_mode = 2
mouse_filter = 0
mouse_default_cursor_shape = 0
size_flags_horizontal = 3
size_flags_vertical = 1
custom_fonts/font = ExtResource( 3 )
disabled = true
toggle_mode = false
enabled_focus_mode = 2
shortcut = null
group = null
text = "Green Tux"
flat = false
align = 1
_sections_unfolded = [ "Size Flags", "custom_fonts" ]

[node name="GNU" type="Button" parent="Selection char/Buttons/Grid" index="2"]

anchor_left = 0.0
anchor_top = 0.0
anchor_right = 0.0
anchor_bottom = 0.0
margin_top = 39.0
margin_right = 254.0
margin_bottom = 74.0
rect_pivot_offset = Vector2( 0, 0 )
rect_clip_content = false
focus_mode = 2
mouse_filter = 0
mouse_default_cursor_shape = 0
size_flags_horizontal = 3
size_flags_vertical = 1
custom_fonts/font = ExtResource( 3 )
disabled = true
toggle_mode = false
enabled_focus_mode = 2
shortcut = null
group = null
text = "GNU"
flat = false
align = 1
_sections_unfolded = [ "Size Flags", "custom_fonts" ]

[node name="Sara" type="Button" parent="Selection char/Buttons/Grid" index="3"]

anchor_left = 0.0
anchor_top = 0.0
anchor_right = 0.0
anchor_bottom = 0.0
margin_left = 258.0
margin_top = 39.0
margin_right = 512.0
margin_bottom = 74.0
rect_pivot_offset = Vector2( 0, 0 )
rect_clip_content = false
focus_mode = 2
mouse_filter = 0
mouse_default_cursor_shape = 0
size_flags_horizontal = 3
size_flags_vertical = 1
custom_fonts/font = ExtResource( 3 )
disabled = true
toggle_mode = false
enabled_focus_mode = 2
shortcut = null
group = null
text = "Sara"
flat = false
align = 1
_sections_unfolded = [ "Size Flags", "custom_fonts" ]

[node name="Back" type="Button" parent="Selection char/Buttons" index="1"]

anchor_left = 0.0
anchor_top = 0.0
anchor_right = 0.0
anchor_bottom = 0.0
margin_top = 74.0
margin_right = 512.0
margin_bottom = 109.0
rect_pivot_offset = Vector2( 0, 0 )
rect_clip_content = false
focus_mode = 2
mouse_filter = 0
mouse_default_cursor_shape = 0
size_flags_horizontal = 1
size_flags_vertical = 1
custom_fonts/font = ExtResource( 3 )
toggle_mode = false
enabled_focus_mode = 2
shortcut = null
group = null
text = "Back"
flat = false
align = 1
_sections_unfolded = [ "custom_fonts" ]

[node name="Options menu" type="Container" parent="." index="3"]

editor/display_folded = true
visible = false
anchor_left = 0.3
anchor_top = 0.2
anchor_right = 0.7
anchor_bottom = 0.8
rect_pivot_offset = Vector2( 0, 0 )
rect_clip_content = false
mouse_filter = 0
mouse_default_cursor_shape = 0
size_flags_horizontal = 1
size_flags_vertical = 1
_sections_unfolded = [ "Anchor", "Margin" ]

[node name="Title" type="Label" parent="Options menu" index="0"]

anchor_left = 0.0
anchor_top = 0.0
anchor_right = 1.0
anchor_bottom = 0.0
margin_top = 40.0
rect_pivot_offset = Vector2( 0, 0 )
rect_clip_content = false
mouse_filter = 2
mouse_default_cursor_shape = 0
size_flags_horizontal = 3
size_flags_vertical = 2
custom_fonts/font = ExtResource( 2 )
text = "Options"
align = 1
percent_visible = 1.0
lines_skipped = 0
max_lines_visible = -1
_sections_unfolded = [ "Anchor", "BBCode", "Margin", "custom_fonts" ]

[node name="Buttons" type="VBoxContainer" parent="Options menu" index="1"]

anchor_left = 0.0
anchor_top = 0.0
anchor_right = 1.0
anchor_bottom = 1.0
margin_top = 160.0
rect_pivot_offset = Vector2( 0, 0 )
rect_clip_content = false
mouse_filter = 1
mouse_default_cursor_shape = 0
size_flags_horizontal = 1
size_flags_vertical = 1
custom_constants/separation = 0
alignment = 0
_sections_unfolded = [ "Anchor", "Margin", "custom_constants" ]

[node name="TabContainer" type="TabContainer" parent="Options menu/Buttons" index="0"]

anchor_left = 0.0
anchor_top = 0.0
anchor_right = 0.0
anchor_bottom = 0.0
margin_right = 512.0
margin_bottom = 76.0
rect_pivot_offset = Vector2( 0, 0 )
rect_clip_content = false
mouse_filter = 0
mouse_default_cursor_shape = 0
size_flags_horizontal = 1
size_flags_vertical = 1
custom_fonts/font = ExtResource( 3 )
tab_align = 0
tabs_visible = true
_sections_unfolded = [ "custom_fonts" ]

[node name="Visual" type="VBoxContainer" parent="Options menu/Buttons/TabContainer" index="0"]

anchor_left = 0.0
anchor_top = 0.0
anchor_right = 1.0
anchor_bottom = 1.0
margin_left = 4.0
margin_top = 47.0
margin_right = -4.0
margin_bottom = -4.0
rect_pivot_offset = Vector2( 0, 0 )
rect_clip_content = false
mouse_filter = 1
mouse_default_cursor_shape = 0
size_flags_horizontal = 1
size_flags_vertical = 1
alignment = 0

[node name="Fullscreen" type="CheckButton" parent="Options menu/Buttons/TabContainer/Visual" index="0"]

anchor_left = 0.0
anchor_top = 0.0
anchor_right = 0.0
anchor_bottom = 0.0
margin_right = 504.0
margin_bottom = 40.0
rect_pivot_offset = Vector2( 0, 0 )
rect_clip_content = false
focus_mode = 2
mouse_filter = 0
mouse_default_cursor_shape = 0
size_flags_horizontal = 1
size_flags_vertical = 1
custom_fonts/font = ExtResource( 3 )
toggle_mode = true
enabled_focus_mode = 2
shortcut = null
group = null
text = "Fullscreen"
flat = false
align = 0
_sections_unfolded = [ "Rect", "custom_fonts" ]

[node name="Controls" type="VBoxContainer" parent="Options menu/Buttons/TabContainer" index="1"]

visible = false
anchor_left = 0.0
anchor_top = 0.0
anchor_right = 1.0
anchor_bottom = 1.0
margin_left = 4.0
margin_top = 47.0
margin_right = -4.0
margin_bottom = -4.0
rect_pivot_offset = Vector2( 0, 0 )
rect_clip_content = false
mouse_filter = 1
mouse_default_cursor_shape = 0
size_flags_horizontal = 1
size_flags_vertical = 1
alignment = 0

[node name="TabContainer" type="TabContainer" parent="Options menu/Buttons/TabContainer/Controls" index="0"]

anchor_left = 0.0
anchor_top = 0.0
anchor_right = 0.0
anchor_bottom = 0.0
margin_right = 504.0
margin_bottom = 36.0
rect_pivot_offset = Vector2( 0, 0 )
rect_clip_content = false
mouse_filter = 0
mouse_default_cursor_shape = 0
size_flags_horizontal = 1
size_flags_vertical = 1
custom_fonts/font = ExtResource( 3 )
tab_align = 0
tabs_visible = true

[node name="Back" type="Button" parent="Options menu/Buttons" index="1"]

anchor_left = 0.0
anchor_top = 0.0
anchor_right = 0.0
anchor_bottom = 0.0
margin_top = 76.0
margin_right = 512.0
margin_bottom = 111.0
rect_pivot_offset = Vector2( 0, 0 )
rect_clip_content = false
focus_mode = 2
mouse_filter = 0
mouse_default_cursor_shape = 0
size_flags_horizontal = 1
size_flags_vertical = 1
custom_fonts/font = ExtResource( 3 )
toggle_mode = false
enabled_focus_mode = 2
shortcut = null
group = null
text = "Back"
flat = false
align = 1
_sections_unfolded = [ "custom_fonts" ]

[node name="PlayerInfo1" type="VBoxContainer" parent="." index="4"]

editor/display_folded = true
visible = false
anchor_left = 0.0
anchor_top = 0.0
anchor_right = 0.0
anchor_bottom = 0.0
margin_left = 8.0
margin_top = 8.0
margin_right = 264.0
margin_bottom = 136.0
rect_pivot_offset = Vector2( 0, 0 )
rect_clip_content = false
mouse_filter = 1
mouse_default_cursor_shape = 0
size_flags_horizontal = 1
size_flags_vertical = 1
alignment = 0
_sections_unfolded = [ "Anchor", "Margin" ]

[node name="Name" type="Label" parent="PlayerInfo1" index="0"]

anchor_left = 0.0
anchor_top = 0.0
anchor_right = 0.0
anchor_bottom = 0.0
margin_right = 256.0
margin_bottom = 29.0
rect_pivot_offset = Vector2( 0, 0 )
rect_clip_content = false
mouse_filter = 2
mouse_default_cursor_shape = 0
size_flags_horizontal = 1
size_flags_vertical = 4
custom_fonts/font = ExtResource( 3 )
custom_colors/font_color_shadow = Color( 0, 0, 0, 1 )
custom_constants/shadow_as_outline = 1
text = "Player: Player 1"
percent_visible = 1.0
lines_skipped = 0
max_lines_visible = -1
_sections_unfolded = [ "custom_colors", "custom_constants", "custom_fonts" ]

[node name="Character" type="Label" parent="PlayerInfo1" index="1"]

anchor_left = 0.0
anchor_top = 0.0
anchor_right = 0.0
anchor_bottom = 0.0
margin_top = 33.0
margin_right = 256.0
margin_bottom = 62.0
rect_pivot_offset = Vector2( 0, 0 )
rect_clip_content = false
mouse_filter = 2
mouse_default_cursor_shape = 0
size_flags_horizontal = 1
size_flags_vertical = 4
custom_fonts/font = ExtResource( 3 )
custom_colors/font_color_shadow = Color( 0, 0, 0, 1 )
custom_constants/shadow_as_outline = 1
text = "Character:"
percent_visible = 1.0
lines_skipped = 0
max_lines_visible = -1
_sections_unfolded = [ "custom_colors", "custom_constants", "custom_fonts" ]

[node name="Ready" type="Label" parent="PlayerInfo1" index="2"]

anchor_left = 0.0
anchor_top = 0.0
anchor_right = 0.0
anchor_bottom = 0.0
margin_top = 66.0
margin_right = 256.0
margin_bottom = 95.0
rect_pivot_offset = Vector2( 0, 0 )
rect_clip_content = false
mouse_filter = 2
mouse_default_cursor_shape = 0
size_flags_horizontal = 1
size_flags_vertical = 4
custom_fonts/font = ExtResource( 3 )
custom_colors/font_color_shadow = Color( 0, 0, 0, 1 )
custom_constants/shadow_as_outline = 1
text = "Not ready..."
percent_visible = 1.0
lines_skipped = 0
max_lines_visible = -1
_sections_unfolded = [ "custom_colors", "custom_constants", "custom_fonts" ]

[node name="PlayerInfo2" type="VBoxContainer" parent="." index="5"]

editor/display_folded = true
visible = false
anchor_left = 1.0
anchor_top = 0.0
anchor_right = 1.0
anchor_bottom = 0.0
margin_left = -264.0
margin_top = 8.0
margin_right = -8.0
margin_bottom = 136.0
rect_pivot_offset = Vector2( 0, 0 )
rect_clip_content = false
mouse_filter = 1
mouse_default_cursor_shape = 0
size_flags_horizontal = 1
size_flags_vertical = 1
alignment = 0
_sections_unfolded = [ "Anchor", "Margin" ]

[node name="Name" type="Label" parent="PlayerInfo2" index="0"]

anchor_left = 0.0
anchor_top = 0.0
anchor_right = 0.0
anchor_bottom = 0.0
margin_right = 256.0
margin_bottom = 29.0
rect_pivot_offset = Vector2( 0, 0 )
rect_clip_content = false
mouse_filter = 2
mouse_default_cursor_shape = 0
size_flags_horizontal = 1
size_flags_vertical = 4
custom_fonts/font = ExtResource( 3 )
custom_colors/font_color_shadow = Color( 0, 0, 0, 1 )
custom_constants/shadow_as_outline = 1
text = "Player: Player 2"
align = 2
percent_visible = 1.0
lines_skipped = 0
max_lines_visible = -1
_sections_unfolded = [ "custom_colors", "custom_constants", "custom_fonts" ]

[node name="Character" type="Label" parent="PlayerInfo2" index="1"]

anchor_left = 0.0
anchor_top = 0.0
anchor_right = 0.0
anchor_bottom = 0.0
margin_top = 33.0
margin_right = 256.0
margin_bottom = 62.0
rect_pivot_offset = Vector2( 0, 0 )
rect_clip_content = false
mouse_filter = 2
mouse_default_cursor_shape = 0
size_flags_horizontal = 1
size_flags_vertical = 4
custom_fonts/font = ExtResource( 3 )
custom_colors/font_color_shadow = Color( 0, 0, 0, 1 )
custom_constants/shadow_as_outline = 1
text = "Character:"
align = 2
percent_visible = 1.0
lines_skipped = 0
max_lines_visible = -1
_sections_unfolded = [ "custom_colors", "custom_constants", "custom_fonts" ]

[node name="Ready" type="Label" parent="PlayerInfo2" index="2"]

anchor_left = 0.0
anchor_top = 0.0
anchor_right = 0.0
anchor_bottom = 0.0
margin_top = 66.0
margin_right = 256.0
margin_bottom = 95.0
rect_pivot_offset = Vector2( 0, 0 )
rect_clip_content = false
mouse_filter = 2
mouse_default_cursor_shape = 0
size_flags_horizontal = 1
size_flags_vertical = 4
custom_fonts/font = ExtResource( 3 )
custom_colors/font_color_shadow = Color( 0, 0, 0, 1 )
custom_constants/shadow_as_outline = 1
text = "Not ready..."
align = 2
percent_visible = 1.0
lines_skipped = 0
max_lines_visible = -1
_sections_unfolded = [ "custom_colors", "custom_constants", "custom_fonts" ]

[node name="PlayerInfo3" type="VBoxContainer" parent="." index="6"]

editor/display_folded = true
visible = false
anchor_left = 0.0
anchor_top = 1.0
anchor_right = 0.0
anchor_bottom = 1.0
margin_left = 8.0
margin_top = -136.0
margin_right = 264.0
margin_bottom = -8.0
rect_pivot_offset = Vector2( 0, 0 )
rect_clip_content = false
mouse_filter = 1
mouse_default_cursor_shape = 0
size_flags_horizontal = 1
size_flags_vertical = 1
alignment = 2
_sections_unfolded = [ "Anchor", "Margin" ]

[node name="Name" type="Label" parent="PlayerInfo3" index="0"]

anchor_left = 0.0
anchor_top = 0.0
anchor_right = 0.0
anchor_bottom = 0.0
margin_top = 33.0
margin_right = 256.0
margin_bottom = 62.0
rect_pivot_offset = Vector2( 0, 0 )
rect_clip_content = false
mouse_filter = 2
mouse_default_cursor_shape = 0
size_flags_horizontal = 1
size_flags_vertical = 4
custom_fonts/font = ExtResource( 3 )
custom_colors/font_color_shadow = Color( 0, 0, 0, 1 )
custom_constants/shadow_as_outline = 1
text = "Player: Player 3"
percent_visible = 1.0
lines_skipped = 0
max_lines_visible = -1
_sections_unfolded = [ "custom_colors", "custom_constants", "custom_fonts" ]

[node name="Character" type="Label" parent="PlayerInfo3" index="1"]

anchor_left = 0.0
anchor_top = 0.0
anchor_right = 0.0
anchor_bottom = 0.0
margin_top = 66.0
margin_right = 256.0
margin_bottom = 95.0
rect_pivot_offset = Vector2( 0, 0 )
rect_clip_content = false
mouse_filter = 2
mouse_default_cursor_shape = 0
size_flags_horizontal = 1
size_flags_vertical = 4
custom_fonts/font = ExtResource( 3 )
custom_colors/font_color_shadow = Color( 0, 0, 0, 1 )
custom_constants/shadow_as_outline = 1
text = "Character:"
percent_visible = 1.0
lines_skipped = 0
max_lines_visible = -1
_sections_unfolded = [ "custom_colors", "custom_constants", "custom_fonts" ]

[node name="Ready" type="Label" parent="PlayerInfo3" index="2"]

anchor_left = 0.0
anchor_top = 0.0
anchor_right = 0.0
anchor_bottom = 0.0
margin_top = 99.0
margin_right = 256.0
margin_bottom = 128.0
rect_pivot_offset = Vector2( 0, 0 )
rect_clip_content = false
mouse_filter = 2
mouse_default_cursor_shape = 0
size_flags_horizontal = 1
size_flags_vertical = 4
custom_fonts/font = ExtResource( 3 )
custom_colors/font_color_shadow = Color( 0, 0, 0, 1 )
custom_constants/shadow_as_outline = 1
text = "Not ready..."
percent_visible = 1.0
lines_skipped = 0
max_lines_visible = -1
_sections_unfolded = [ "custom_colors", "custom_constants", "custom_fonts" ]

[node name="PlayerInfo4" type="VBoxContainer" parent="." index="7"]

editor/display_folded = true
visible = false
anchor_left = 1.0
anchor_top = 1.0
anchor_right = 1.0
anchor_bottom = 1.0
margin_left = -264.0
margin_top = -136.0
margin_right = -8.0
margin_bottom = -8.0
rect_pivot_offset = Vector2( 0, 0 )
rect_clip_content = false
mouse_filter = 1
mouse_default_cursor_shape = 0
size_flags_horizontal = 1
size_flags_vertical = 1
alignment = 2
_sections_unfolded = [ "Anchor", "Margin" ]

[node name="Name" type="Label" parent="PlayerInfo4" index="0"]

anchor_left = 0.0
anchor_top = 0.0
anchor_right = 0.0
anchor_bottom = 0.0
margin_top = 33.0
margin_right = 256.0
margin_bottom = 62.0
rect_pivot_offset = Vector2( 0, 0 )
rect_clip_content = false
mouse_filter = 2
mouse_default_cursor_shape = 0
size_flags_horizontal = 1
size_flags_vertical = 4
custom_fonts/font = ExtResource( 3 )
custom_colors/font_color_shadow = Color( 0, 0, 0, 1 )
custom_constants/shadow_as_outline = 1
text = "Player: Player 4"
align = 2
percent_visible = 1.0
lines_skipped = 0
max_lines_visible = -1
_sections_unfolded = [ "custom_colors", "custom_constants", "custom_fonts" ]

[node name="Character" type="Label" parent="PlayerInfo4" index="1"]

anchor_left = 0.0
anchor_top = 0.0
anchor_right = 0.0
anchor_bottom = 0.0
margin_top = 66.0
margin_right = 256.0
margin_bottom = 95.0
rect_pivot_offset = Vector2( 0, 0 )
rect_clip_content = false
mouse_filter = 2
mouse_default_cursor_shape = 0
size_flags_horizontal = 1
size_flags_vertical = 4
custom_fonts/font = ExtResource( 3 )
custom_colors/font_color_shadow = Color( 0, 0, 0, 1 )
custom_constants/shadow_as_outline = 1
text = "Character:"
align = 2
percent_visible = 1.0
lines_skipped = 0
max_lines_visible = -1
_sections_unfolded = [ "custom_colors", "custom_constants", "custom_fonts" ]

[node name="Ready" type="Label" parent="PlayerInfo4" index="2"]

anchor_left = 0.0
anchor_top = 0.0
anchor_right = 0.0
anchor_bottom = 0.0
margin_top = 99.0
margin_right = 256.0
margin_bottom = 128.0
rect_pivot_offset = Vector2( 0, 0 )
rect_clip_content = false
mouse_filter = 2
mouse_default_cursor_shape = 0
size_flags_horizontal = 1
size_flags_vertical = 4
custom_fonts/font = ExtResource( 3 )
custom_colors/font_color_shadow = Color( 0, 0, 0, 1 )
custom_constants/shadow_as_outline = 1
text = "Not ready..."
align = 2
percent_visible = 1.0
lines_skipped = 0
max_lines_visible = -1
_sections_unfolded = [ "custom_colors", "custom_constants", "custom_fonts" ]

[connection signal="pressed" from="Main menu/Buttons/Play" to="." method="_on_Play_pressed"]

[connection signal="pressed" from="Main menu/Buttons/Options" to="." method="_on_Options_pressed"]

[connection signal="pressed" from="Main menu/Buttons/Quit" to="." method="_on_Quit_pressed"]

[connection signal="item_selected" from="Selection board/AwardType" to="." method="_on_AwardType_item_selected"]

[connection signal="pressed" from="Selection board/Back" to="." method="_on_Selection_Back_pressed"]

[connection signal="pressed" from="Selection char/Buttons/Grid/Tux" to="." method="_on_Tux_pressed"]

[connection signal="pressed" from="Selection char/Buttons/Back" to="." method="_on_Selection_Char_Back_pressed"]

[connection signal="toggled" from="Options menu/Buttons/TabContainer/Visual/Fullscreen" to="." method="_on_Fullscreen_toggled"]

[connection signal="pressed" from="Options menu/Buttons/Back" to="." method="_on_Options_Back_pressed"]


